%YAML 1.1
%TAG !u! tag:unity3d.com,2011:
--- !u!29 &1
OcclusionCullingSettings:
  m_ObjectHideFlags: 0
  serializedVersion: 2
  m_OcclusionBakeSettings:
    smallestOccluder: 5
    smallestHole: 0.25
    backfaceThreshold: 100
  m_SceneGUID: 00000000000000000000000000000000
  m_OcclusionCullingData: {fileID: 0}
--- !u!104 &2
RenderSettings:
  m_ObjectHideFlags: 0
  serializedVersion: 9
  m_Fog: 1
  m_FogColor: {r: 0.65080994, g: 0.666729, b: 0.7075472, a: 1}
  m_FogMode: 3
  m_FogDensity: 0.012
  m_LinearFogStart: 0
  m_LinearFogEnd: 300
  m_AmbientSkyColor: {r: 0.212, g: 0.227, b: 0.259, a: 1}
  m_AmbientEquatorColor: {r: 0.114, g: 0.125, b: 0.133, a: 1}
  m_AmbientGroundColor: {r: 0.047, g: 0.043, b: 0.035, a: 1}
  m_AmbientIntensity: 1
  m_AmbientMode: 0
  m_SubtractiveShadowColor: {r: 0.13296545, g: 0.19145328, b: 0.33962262, a: 1}
  m_SkyboxMaterial: {fileID: 2100000, guid: 0ffaa0b7117ba8c47a9d05ae701d4b4d, type: 2}
  m_HaloStrength: 0.5
  m_FlareStrength: 1
  m_FlareFadeSpeed: 3
  m_HaloTexture: {fileID: 0}
  m_SpotCookie: {fileID: 10300, guid: 0000000000000000f000000000000000, type: 0}
  m_DefaultReflectionMode: 0
  m_DefaultReflectionResolution: 128
  m_ReflectionBounces: 1
  m_ReflectionIntensity: 1
  m_CustomReflection: {fileID: 0}
  m_Sun: {fileID: 0}
  m_IndirectSpecularColor: {r: 0.2850269, g: 0.3713935, b: 0.49601045, a: 1}
  m_UseRadianceAmbientProbe: 0
--- !u!157 &3
LightmapSettings:
  m_ObjectHideFlags: 0
  serializedVersion: 11
  m_GIWorkflowMode: 0
  m_GISettings:
    serializedVersion: 2
    m_BounceScale: 1
    m_IndirectOutputScale: 1
    m_AlbedoBoost: 1
    m_EnvironmentLightingMode: 1
    m_EnableBakedLightmaps: 1
    m_EnableRealtimeLightmaps: 0
  m_LightmapEditorSettings:
    serializedVersion: 12
    m_Resolution: 2
    m_BakeResolution: 32
    m_AtlasSize: 512
    m_AO: 1
    m_AOMaxDistance: 1
    m_CompAOExponent: 1
    m_CompAOExponentDirect: 0.3
    m_ExtractAmbientOcclusion: 0
    m_Padding: 2
    m_LightmapParameters: {fileID: 0}
    m_LightmapsBakeMode: 0
    m_TextureCompression: 1
    m_FinalGather: 0
    m_FinalGatherFiltering: 1
    m_FinalGatherRayCount: 256
    m_ReflectionCompression: 2
    m_MixedBakeMode: 1
    m_BakeBackend: 1
    m_PVRSampling: 1
    m_PVRDirectSampleCount: 32
    m_PVRSampleCount: 256
    m_PVRBounces: 2
    m_PVREnvironmentSampleCount: 256
    m_PVREnvironmentReferencePointCount: 2048
    m_PVRFilteringMode: 2
    m_PVRDenoiserTypeDirect: 0
    m_PVRDenoiserTypeIndirect: 0
    m_PVRDenoiserTypeAO: 0
    m_PVRFilterTypeDirect: 0
    m_PVRFilterTypeIndirect: 0
    m_PVRFilterTypeAO: 0
    m_PVREnvironmentMIS: 0
    m_PVRCulling: 1
    m_PVRFilteringGaussRadiusDirect: 1
    m_PVRFilteringGaussRadiusIndirect: 5
    m_PVRFilteringGaussRadiusAO: 2
    m_PVRFilteringAtrousPositionSigmaDirect: 0.548
    m_PVRFilteringAtrousPositionSigmaIndirect: 2
    m_PVRFilteringAtrousPositionSigmaAO: 1
    m_ShowResolutionOverlay: 1
    m_ExportTrainingData: 0
  m_LightingDataAsset: {fileID: 0}
  m_UseShadowmask: 0
--- !u!196 &4
NavMeshSettings:
  serializedVersion: 2
  m_ObjectHideFlags: 0
  m_BuildSettings:
    serializedVersion: 2
    agentTypeID: 0
    agentRadius: 0.5
    agentHeight: 2
    agentSlope: 45
    agentClimb: 0.4
    ledgeDropHeight: 0
    maxJumpAcrossDistance: 0
    minRegionArea: 2
    manualCellSize: 0
    cellSize: 0.16666667
    manualTileSize: 0
    tileSize: 256
    accuratePlacement: 0
    debug:
      m_Flags: 0
  m_NavMeshData: {fileID: 0}
--- !u!1001 &174641233
PrefabInstance:
  m_ObjectHideFlags: 0
  serializedVersion: 2
  m_Modification:
    m_TransformParent: {fileID: 1985573730}
    m_Modifications:
    - target: {fileID: -927199367670048503, guid: a040e3576971aee45b275bba1a352c05,
        type: 3}
      propertyPath: m_Name
      value: roca_01 (2)
      objectReference: {fileID: 0}
    - target: {fileID: -4216859302048453862, guid: a040e3576971aee45b275bba1a352c05,
        type: 3}
      propertyPath: m_LocalPosition.x
      value: 0.76
      objectReference: {fileID: 0}
    - target: {fileID: -4216859302048453862, guid: a040e3576971aee45b275bba1a352c05,
        type: 3}
      propertyPath: m_LocalPosition.y
      value: 1.49
      objectReference: {fileID: 0}
    - target: {fileID: -4216859302048453862, guid: a040e3576971aee45b275bba1a352c05,
        type: 3}
      propertyPath: m_LocalPosition.z
      value: -3.65
      objectReference: {fileID: 0}
    - target: {fileID: -4216859302048453862, guid: a040e3576971aee45b275bba1a352c05,
        type: 3}
      propertyPath: m_LocalRotation.x
      value: 0.04326902
      objectReference: {fileID: 0}
    - target: {fileID: -4216859302048453862, guid: a040e3576971aee45b275bba1a352c05,
        type: 3}
      propertyPath: m_LocalRotation.y
      value: 0.24073313
      objectReference: {fileID: 0}
    - target: {fileID: -4216859302048453862, guid: a040e3576971aee45b275bba1a352c05,
        type: 3}
      propertyPath: m_LocalRotation.z
      value: -0.03408871
      objectReference: {fileID: 0}
    - target: {fileID: -4216859302048453862, guid: a040e3576971aee45b275bba1a352c05,
        type: 3}
      propertyPath: m_LocalRotation.w
      value: -0.96902704
      objectReference: {fileID: 0}
    - target: {fileID: -4216859302048453862, guid: a040e3576971aee45b275bba1a352c05,
        type: 3}
      propertyPath: m_RootOrder
      value: 7
      objectReference: {fileID: 0}
    - target: {fileID: -4216859302048453862, guid: a040e3576971aee45b275bba1a352c05,
        type: 3}
      propertyPath: m_LocalEulerAnglesHint.x
      value: -3.867
      objectReference: {fileID: 0}
    - target: {fileID: -4216859302048453862, guid: a040e3576971aee45b275bba1a352c05,
        type: 3}
      propertyPath: m_LocalEulerAnglesHint.y
      value: -388.072
      objectReference: {fileID: 0}
    - target: {fileID: -4216859302048453862, guid: a040e3576971aee45b275bba1a352c05,
        type: 3}
      propertyPath: m_LocalEulerAnglesHint.z
      value: 4.997
      objectReference: {fileID: 0}
    - target: {fileID: -4216859302048453862, guid: a040e3576971aee45b275bba1a352c05,
        type: 3}
      propertyPath: m_LocalScale.x
      value: 0.5733035
      objectReference: {fileID: 0}
    - target: {fileID: -4216859302048453862, guid: a040e3576971aee45b275bba1a352c05,
        type: 3}
      propertyPath: m_LocalScale.y
      value: 0.57330364
      objectReference: {fileID: 0}
    - target: {fileID: -4216859302048453862, guid: a040e3576971aee45b275bba1a352c05,
        type: 3}
      propertyPath: m_LocalScale.z
      value: 0.57330364
      objectReference: {fileID: 0}
    - target: {fileID: -1504981713932161579, guid: a040e3576971aee45b275bba1a352c05,
        type: 3}
      propertyPath: m_Materials.Array.data[0]
      value: 
      objectReference: {fileID: 2100000, guid: 8b3c170dde7e0684ebe3e9b527e72cd6, type: 2}
    m_RemovedComponents: []
  m_SourcePrefab: {fileID: 100100000, guid: a040e3576971aee45b275bba1a352c05, type: 3}
--- !u!43 &212016083
Mesh:
  m_ObjectHideFlags: 0
  m_CorrespondingSourceObject: {fileID: 0}
  m_PrefabInstance: {fileID: 0}
  m_PrefabAsset: {fileID: 0}
  m_Name: pb_Mesh42444
  serializedVersion: 10
  m_SubMeshes:
  - serializedVersion: 2
    firstByte: 0
    indexCount: 24
    topology: 0
    baseVertex: 0
    firstVertex: 0
    vertexCount: 9
    localAABB:
      m_Center: {x: -6.0068903, y: -1.9444752, z: -2}
      m_Extent: {x: 5, y: 0, z: 2}
  m_Shapes:
    vertices: []
    shapes: []
    channels: []
    fullWeights: []
  m_BindPose: []
  m_BoneNameHashes: 
  m_RootBoneNameHash: 0
  m_BonesAABB: []
  m_VariableBoneCountWeights:
    m_Data: 
  m_MeshCompression: 0
  m_IsReadable: 1
  m_KeepVertices: 1
  m_KeepIndices: 1
  m_IndexFormat: 0
  m_IndexBuffer: 000001000200010003000200010004000300040005000300020003000600030007000600030005000700050008000700
  m_VertexData:
    serializedVersion: 3
    m_VertexCount: 9
    m_Channels:
    - stream: 0
      offset: 0
      format: 0
      dimension: 3
    - stream: 0
      offset: 12
      format: 0
      dimension: 3
    - stream: 0
      offset: 24
      format: 0
      dimension: 4
    - stream: 0
      offset: 0
      format: 0
      dimension: 0
    - stream: 0
      offset: 40
      format: 0
      dimension: 2
    - stream: 0
      offset: 0
      format: 0
      dimension: 0
    - stream: 0
      offset: 0
      format: 0
      dimension: 0
    - stream: 0
      offset: 0
      format: 0
      dimension: 0
    - stream: 0
      offset: 0
      format: 0
      dimension: 0
    - stream: 0
      offset: 0
      format: 0
      dimension: 0
    - stream: 0
      offset: 0
      format: 0
      dimension: 0
    - stream: 0
      offset: 0
      format: 0
      dimension: 0
    - stream: 0
      offset: 0
      format: 0
      dimension: 0
    - stream: 0
      offset: 0
      format: 0
      dimension: 0
    m_DataSize: 432
    _typelessdata: 391c30c190e4f8bf000080c0000000000000803f000000000000803f0000000000000000000080bf391c30c1000080c0391c30c190e4f8bf64be02c0000000000000803f000000000000803f0000000000000000000080bf391c30c164be02c07238c0c090e4f8bf000080c0000000000000803f000000000000803f0000000000000000000080bf7238c0c0000080c07238c0c090e4f8bf64be02c0000000000000803f000000000000803f0000000000000000000080bf7238c0c064be02c0391c30c190e4f8bf00000000000000000000803f000000000000803f0000000000000000000080bf391c30c1000000007238c0c090e4f8bf00000000000000000000803f000000000000803f0000000000000000000080bf7238c0c000000000c8e180bf90e4f8bf000080c0000000000000803f000000000000803f0000000000000000000080bfc8e180bf000080c0c8e180bf90e4f8bf64be02c0000000000000803f000000000000803f0000000000000000000080bfc8e180bf64be02c0c8e180bf90e4f8bf00000000000000000000803f000000000000803f0000000000000000000080bfc8e180bf00000000
  m_CompressedMesh:
    m_Vertices:
      m_NumItems: 0
      m_Range: 0
      m_Start: 0
      m_Data: 
      m_BitSize: 0
    m_UV:
      m_NumItems: 0
      m_Range: 0
      m_Start: 0
      m_Data: 
      m_BitSize: 0
    m_Normals:
      m_NumItems: 0
      m_Range: 0
      m_Start: 0
      m_Data: 
      m_BitSize: 0
    m_Tangents:
      m_NumItems: 0
      m_Range: 0
      m_Start: 0
      m_Data: 
      m_BitSize: 0
    m_Weights:
      m_NumItems: 0
      m_Data: 
      m_BitSize: 0
    m_NormalSigns:
      m_NumItems: 0
      m_Data: 
      m_BitSize: 0
    m_TangentSigns:
      m_NumItems: 0
      m_Data: 
      m_BitSize: 0
    m_FloatColors:
      m_NumItems: 0
      m_Range: 0
      m_Start: 0
      m_Data: 
      m_BitSize: 0
    m_BoneIndices:
      m_NumItems: 0
      m_Data: 
      m_BitSize: 0
    m_Triangles:
      m_NumItems: 0
      m_Data: 
      m_BitSize: 0
    m_UVInfo: 0
  m_LocalAABB:
    m_Center: {x: -6.0068903, y: -1.9444752, z: -2}
    m_Extent: {x: 5, y: 0, z: 2}
  m_MeshUsageFlags: 0
  m_BakedConvexCollisionMesh: 
  m_BakedTriangleCollisionMesh: 
  m_MeshMetrics[0]: 1
  m_MeshMetrics[1]: 1
  m_MeshOptimizationFlags: 1
  m_StreamData:
    offset: 0
    size: 0
    path: 
--- !u!1001 &347492394
PrefabInstance:
  m_ObjectHideFlags: 0
  serializedVersion: 2
  m_Modification:
    m_TransformParent: {fileID: 1985573730}
    m_Modifications:
    - target: {fileID: -927199367670048503, guid: a040e3576971aee45b275bba1a352c05,
        type: 3}
      propertyPath: m_Name
      value: roca_01 (1)
      objectReference: {fileID: 0}
    - target: {fileID: -4216859302048453862, guid: a040e3576971aee45b275bba1a352c05,
        type: 3}
      propertyPath: m_LocalPosition.x
      value: -5.642761
      objectReference: {fileID: 0}
    - target: {fileID: -4216859302048453862, guid: a040e3576971aee45b275bba1a352c05,
        type: 3}
      propertyPath: m_LocalPosition.y
      value: 1.3
      objectReference: {fileID: 0}
    - target: {fileID: -4216859302048453862, guid: a040e3576971aee45b275bba1a352c05,
        type: 3}
      propertyPath: m_LocalPosition.z
      value: -4.377036
      objectReference: {fileID: 0}
    - target: {fileID: -4216859302048453862, guid: a040e3576971aee45b275bba1a352c05,
        type: 3}
      propertyPath: m_LocalRotation.x
      value: -0.09055095
      objectReference: {fileID: 0}
    - target: {fileID: -4216859302048453862, guid: a040e3576971aee45b275bba1a352c05,
        type: 3}
      propertyPath: m_LocalRotation.y
      value: 0.6087384
      objectReference: {fileID: 0}
    - target: {fileID: -4216859302048453862, guid: a040e3576971aee45b275bba1a352c05,
        type: 3}
      propertyPath: m_LocalRotation.z
      value: -0.08396888
      objectReference: {fileID: 0}
    - target: {fileID: -4216859302048453862, guid: a040e3576971aee45b275bba1a352c05,
        type: 3}
      propertyPath: m_LocalRotation.w
      value: -0.78370106
      objectReference: {fileID: 0}
    - target: {fileID: -4216859302048453862, guid: a040e3576971aee45b275bba1a352c05,
        type: 3}
      propertyPath: m_RootOrder
      value: 6
      objectReference: {fileID: 0}
    - target: {fileID: -4216859302048453862, guid: a040e3576971aee45b275bba1a352c05,
        type: 3}
      propertyPath: m_LocalEulerAnglesHint.x
      value: 14.132001
      objectReference: {fileID: 0}
    - target: {fileID: -4216859302048453862, guid: a040e3576971aee45b275bba1a352c05,
        type: 3}
      propertyPath: m_LocalEulerAnglesHint.y
      value: -435.52002
      objectReference: {fileID: 0}
    - target: {fileID: -4216859302048453862, guid: a040e3576971aee45b275bba1a352c05,
        type: 3}
      propertyPath: m_LocalEulerAnglesHint.z
      value: 1.263
      objectReference: {fileID: 0}
    - target: {fileID: -1504981713932161579, guid: a040e3576971aee45b275bba1a352c05,
        type: 3}
      propertyPath: m_Materials.Array.data[0]
      value: 
      objectReference: {fileID: 2100000, guid: 8b3c170dde7e0684ebe3e9b527e72cd6, type: 2}
    m_RemovedComponents: []
  m_SourcePrefab: {fileID: 100100000, guid: a040e3576971aee45b275bba1a352c05, type: 3}
--- !u!1 &392435505
GameObject:
  m_ObjectHideFlags: 0
  m_CorrespondingSourceObject: {fileID: 0}
  m_PrefabInstance: {fileID: 0}
  m_PrefabAsset: {fileID: 0}
  serializedVersion: 6
  m_Component:
  - component: {fileID: 392435506}
  - component: {fileID: 392435508}
  - component: {fileID: 392435507}
  m_Layer: 5
  m_Name: Logo
  m_TagString: Untagged
  m_Icon: {fileID: 0}
  m_NavMeshLayer: 0
  m_StaticEditorFlags: 0
  m_IsActive: 1
--- !u!224 &392435506
RectTransform:
  m_ObjectHideFlags: 0
  m_CorrespondingSourceObject: {fileID: 0}
  m_PrefabInstance: {fileID: 0}
  m_PrefabAsset: {fileID: 0}
  m_GameObject: {fileID: 392435505}
  m_LocalRotation: {x: 0, y: 0, z: 0, w: 1}
  m_LocalPosition: {x: 0, y: 0, z: -2}
  m_LocalScale: {x: 0.5, y: 0.5, z: 0.5}
  m_Children: []
  m_Father: {fileID: 2073416196}
  m_RootOrder: 2
  m_LocalEulerAnglesHint: {x: 0, y: 0, z: 0}
  m_AnchorMin: {x: 0.5, y: 0.5}
  m_AnchorMax: {x: 0.5, y: 0.5}
  m_AnchoredPosition: {x: 0, y: 16}
  m_SizeDelta: {x: 1240, y: 158}
  m_Pivot: {x: 0.5, y: 0.5}
--- !u!114 &392435507
MonoBehaviour:
  m_ObjectHideFlags: 0
  m_CorrespondingSourceObject: {fileID: 0}
  m_PrefabInstance: {fileID: 0}
  m_PrefabAsset: {fileID: 0}
  m_GameObject: {fileID: 392435505}
  m_Enabled: 1
  m_EditorHideFlags: 0
  m_Script: {fileID: -765806418, guid: f70555f144d8491a825f0804e09c671c, type: 3}
  m_Name: 
  m_EditorClassIdentifier: 
  m_Material: {fileID: 0}
  m_Color: {r: 1, g: 1, b: 1, a: 1}
  m_RaycastTarget: 1
  m_OnCullStateChanged:
    m_PersistentCalls:
      m_Calls: []
    m_TypeName: UnityEngine.UI.MaskableGraphic+CullStateChangedEvent, UnityEngine.UI,
      Version=1.0.0.0, Culture=neutral, PublicKeyToken=null
  m_Sprite: {fileID: 21300000, guid: df7b265f93f918a42bf908848e2f872b, type: 3}
  m_Type: 0
  m_PreserveAspect: 0
  m_FillCenter: 1
  m_FillMethod: 4
  m_FillAmount: 1
  m_FillClockwise: 1
  m_FillOrigin: 0
  m_UseSpriteMesh: 0
--- !u!222 &392435508
CanvasRenderer:
  m_ObjectHideFlags: 0
  m_CorrespondingSourceObject: {fileID: 0}
  m_PrefabInstance: {fileID: 0}
  m_PrefabAsset: {fileID: 0}
  m_GameObject: {fileID: 392435505}
  m_CullTransparentMesh: 0
--- !u!1001 &495109358
PrefabInstance:
  m_ObjectHideFlags: 0
  serializedVersion: 2
  m_Modification:
    m_TransformParent: {fileID: 1985573730}
    m_Modifications:
    - target: {fileID: 5235485888560302970, guid: e09972a0bc1018e4d9ab75c02dbc05f2,
        type: 3}
      propertyPath: m_Name
      value: lampara01
      objectReference: {fileID: 0}
    - target: {fileID: 5235485888560302970, guid: e09972a0bc1018e4d9ab75c02dbc05f2,
        type: 3}
      propertyPath: m_IsActive
      value: 1
      objectReference: {fileID: 0}
    - target: {fileID: 6496596293956275172, guid: e09972a0bc1018e4d9ab75c02dbc05f2,
        type: 3}
      propertyPath: m_LocalPosition.x
      value: 2.22
      objectReference: {fileID: 0}
    - target: {fileID: 6496596293956275172, guid: e09972a0bc1018e4d9ab75c02dbc05f2,
        type: 3}
      propertyPath: m_LocalPosition.y
      value: 4.55
      objectReference: {fileID: 0}
    - target: {fileID: 6496596293956275172, guid: e09972a0bc1018e4d9ab75c02dbc05f2,
        type: 3}
      propertyPath: m_LocalPosition.z
      value: 2.45
      objectReference: {fileID: 0}
    - target: {fileID: 6496596293956275172, guid: e09972a0bc1018e4d9ab75c02dbc05f2,
        type: 3}
      propertyPath: m_LocalRotation.x
      value: -0
      objectReference: {fileID: 0}
    - target: {fileID: 6496596293956275172, guid: e09972a0bc1018e4d9ab75c02dbc05f2,
        type: 3}
      propertyPath: m_LocalRotation.y
      value: -0.7071068
      objectReference: {fileID: 0}
    - target: {fileID: 6496596293956275172, guid: e09972a0bc1018e4d9ab75c02dbc05f2,
        type: 3}
      propertyPath: m_LocalRotation.z
      value: -0
      objectReference: {fileID: 0}
    - target: {fileID: 6496596293956275172, guid: e09972a0bc1018e4d9ab75c02dbc05f2,
        type: 3}
      propertyPath: m_LocalRotation.w
      value: 0.7071068
      objectReference: {fileID: 0}
    - target: {fileID: 6496596293956275172, guid: e09972a0bc1018e4d9ab75c02dbc05f2,
        type: 3}
      propertyPath: m_RootOrder
      value: 4
      objectReference: {fileID: 0}
    - target: {fileID: 6496596293956275172, guid: e09972a0bc1018e4d9ab75c02dbc05f2,
        type: 3}
      propertyPath: m_LocalEulerAnglesHint.x
      value: 0
      objectReference: {fileID: 0}
    - target: {fileID: 6496596293956275172, guid: e09972a0bc1018e4d9ab75c02dbc05f2,
        type: 3}
      propertyPath: m_LocalEulerAnglesHint.y
      value: -90
      objectReference: {fileID: 0}
    - target: {fileID: 6496596293956275172, guid: e09972a0bc1018e4d9ab75c02dbc05f2,
        type: 3}
      propertyPath: m_LocalEulerAnglesHint.z
      value: 0
      objectReference: {fileID: 0}
    m_RemovedComponents: []
  m_SourcePrefab: {fileID: 100100000, guid: e09972a0bc1018e4d9ab75c02dbc05f2, type: 3}
--- !u!1 &513444589
GameObject:
  m_ObjectHideFlags: 0
  m_CorrespondingSourceObject: {fileID: 0}
  m_PrefabInstance: {fileID: 0}
  m_PrefabAsset: {fileID: 0}
  serializedVersion: 6
  m_Component:
  - component: {fileID: 513444592}
  - component: {fileID: 513444591}
  - component: {fileID: 513444590}
  m_Layer: 0
  m_Name: EventSystem
  m_TagString: Untagged
  m_Icon: {fileID: 0}
  m_NavMeshLayer: 0
  m_StaticEditorFlags: 0
  m_IsActive: 1
--- !u!114 &513444590
MonoBehaviour:
  m_ObjectHideFlags: 0
  m_CorrespondingSourceObject: {fileID: 0}
  m_PrefabInstance: {fileID: 0}
  m_PrefabAsset: {fileID: 0}
  m_GameObject: {fileID: 513444589}
  m_Enabled: 1
  m_EditorHideFlags: 0
  m_Script: {fileID: 1077351063, guid: f70555f144d8491a825f0804e09c671c, type: 3}
  m_Name: 
  m_EditorClassIdentifier: 
  m_HorizontalAxis: Horizontal
  m_VerticalAxis: Vertical
  m_SubmitButton: Submit
  m_CancelButton: Cancel
  m_InputActionsPerSecond: 10
  m_RepeatDelay: 0.5
  m_ForceModuleActive: 0
--- !u!114 &513444591
MonoBehaviour:
  m_ObjectHideFlags: 0
  m_CorrespondingSourceObject: {fileID: 0}
  m_PrefabInstance: {fileID: 0}
  m_PrefabAsset: {fileID: 0}
  m_GameObject: {fileID: 513444589}
  m_Enabled: 1
  m_EditorHideFlags: 0
  m_Script: {fileID: -619905303, guid: f70555f144d8491a825f0804e09c671c, type: 3}
  m_Name: 
  m_EditorClassIdentifier: 
  m_FirstSelected: {fileID: 0}
  m_sendNavigationEvents: 1
  m_DragThreshold: 10
--- !u!4 &513444592
Transform:
  m_ObjectHideFlags: 0
  m_CorrespondingSourceObject: {fileID: 0}
  m_PrefabInstance: {fileID: 0}
  m_PrefabAsset: {fileID: 0}
  m_GameObject: {fileID: 513444589}
  m_LocalRotation: {x: 0, y: 0, z: 0, w: 1}
  m_LocalPosition: {x: 0, y: 0, z: 0}
  m_LocalScale: {x: 1, y: 1, z: 1}
  m_Children: []
  m_Father: {fileID: 0}
  m_RootOrder: 10
  m_LocalEulerAnglesHint: {x: 0, y: 0, z: 0}
--- !u!1 &531512902
GameObject:
  m_ObjectHideFlags: 0
  m_CorrespondingSourceObject: {fileID: 0}
  m_PrefabInstance: {fileID: 0}
  m_PrefabAsset: {fileID: 0}
  serializedVersion: 6
  m_Component:
  - component: {fileID: 531512905}
  - component: {fileID: 531512904}
  - component: {fileID: 531512903}
  m_Layer: 0
  m_Name: Terrain
  m_TagString: Untagged
  m_Icon: {fileID: 0}
  m_NavMeshLayer: 0
  m_StaticEditorFlags: 4294967295
  m_IsActive: 1
--- !u!154 &531512903
TerrainCollider:
  m_ObjectHideFlags: 0
  m_CorrespondingSourceObject: {fileID: 0}
  m_PrefabInstance: {fileID: 0}
  m_PrefabAsset: {fileID: 0}
  m_GameObject: {fileID: 531512902}
  m_Material: {fileID: 0}
  m_Enabled: 1
  m_TerrainData: {fileID: 15600000, guid: e2e12dd2823ea604dbf3cff02b6eeeb4, type: 2}
  m_EnableTreeColliders: 1
--- !u!218 &531512904
Terrain:
  m_ObjectHideFlags: 0
  m_CorrespondingSourceObject: {fileID: 0}
  m_PrefabInstance: {fileID: 0}
  m_PrefabAsset: {fileID: 0}
  m_GameObject: {fileID: 531512902}
  m_Enabled: 1
  serializedVersion: 4
  m_TerrainData: {fileID: 15600000, guid: e2e12dd2823ea604dbf3cff02b6eeeb4, type: 2}
  m_TreeDistance: 5000
  m_TreeBillboardDistance: 50
  m_TreeCrossFadeLength: 5
  m_TreeMaximumFullLODCount: 50
  m_DetailObjectDistance: 80
  m_DetailObjectDensity: 1
  m_HeightmapPixelError: 5
  m_SplatMapDistance: 1000
  m_HeightmapMaximumLOD: 0
  m_ShadowCastingMode: 2
  m_DrawHeightmap: 1
  m_DrawInstanced: 0
  m_DrawTreesAndFoliage: 1
  m_ReflectionProbeUsage: 1
  m_MaterialType: 3
  m_LegacySpecular:
    serializedVersion: 2
    rgba: 4286545791
  m_LegacyShininess: 0.078125
  m_MaterialTemplate: {fileID: 2100000, guid: 594ea882c5a793440b60ff72d896021e, type: 2}
  m_BakeLightProbesForTrees: 1
  m_PreserveTreePrototypeLayers: 0
  m_DeringLightProbesForTrees: 1
  m_ScaleInLightmap: 0.016
  m_LightmapParameters: {fileID: 15203, guid: 0000000000000000f000000000000000, type: 0}
  m_GroupingID: 0
  m_AllowAutoConnect: 1
--- !u!4 &531512905
Transform:
  m_ObjectHideFlags: 0
  m_CorrespondingSourceObject: {fileID: 0}
  m_PrefabInstance: {fileID: 0}
  m_PrefabAsset: {fileID: 0}
  m_GameObject: {fileID: 531512902}
  m_LocalRotation: {x: -0, y: -0, z: -0, w: 1}
  m_LocalPosition: {x: -10, y: 1, z: -10}
  m_LocalScale: {x: 1, y: 1, z: 1}
  m_Children: []
  m_Father: {fileID: 0}
  m_RootOrder: 5
  m_LocalEulerAnglesHint: {x: 0, y: 0, z: 0}
--- !u!4 &647853190 stripped
Transform:
  m_CorrespondingSourceObject: {fileID: -4216859302048453862, guid: 9b9b8d873151cde4389f8b9deba5bd6a,
    type: 3}
  m_PrefabInstance: {fileID: 1104049781}
  m_PrefabAsset: {fileID: 0}
--- !u!1 &653260035
GameObject:
  m_ObjectHideFlags: 0
  m_CorrespondingSourceObject: {fileID: 0}
  m_PrefabInstance: {fileID: 0}
  m_PrefabAsset: {fileID: 0}
  serializedVersion: 6
  m_Component:
  - component: {fileID: 653260038}
  - component: {fileID: 653260036}
  m_Layer: 8
  m_Name: Post-process Volume
  m_TagString: Untagged
  m_Icon: {fileID: 0}
  m_NavMeshLayer: 0
  m_StaticEditorFlags: 0
  m_IsActive: 1
--- !u!114 &653260036
MonoBehaviour:
  m_ObjectHideFlags: 0
  m_CorrespondingSourceObject: {fileID: 0}
  m_PrefabInstance: {fileID: 0}
  m_PrefabAsset: {fileID: 0}
  m_GameObject: {fileID: 653260035}
  m_Enabled: 1
  m_EditorHideFlags: 0
  m_Script: {fileID: 11500000, guid: 8b9a305e18de0c04dbd257a21cd47087, type: 3}
  m_Name: 
  m_EditorClassIdentifier: 
  sharedProfile: {fileID: 11400000, guid: 62a7dd438ea2de347a467589c8d7b978, type: 2}
  isGlobal: 1
  blendDistance: 0
  weight: 1
  priority: 0
--- !u!4 &653260038
Transform:
  m_ObjectHideFlags: 0
  m_CorrespondingSourceObject: {fileID: 0}
  m_PrefabInstance: {fileID: 0}
  m_PrefabAsset: {fileID: 0}
  m_GameObject: {fileID: 653260035}
  m_LocalRotation: {x: -0, y: -0, z: -0, w: 1}
  m_LocalPosition: {x: 0, y: 0, z: 0}
  m_LocalScale: {x: 1, y: 1, z: 1}
  m_Children: []
  m_Father: {fileID: 0}
  m_RootOrder: 2
  m_LocalEulerAnglesHint: {x: 0, y: 0, z: 0}
--- !u!1001 &837049641
PrefabInstance:
  m_ObjectHideFlags: 0
  serializedVersion: 2
  m_Modification:
    m_TransformParent: {fileID: 1985573730}
    m_Modifications:
    - target: {fileID: 4325527093697026776, guid: 260b23f6222734b46b4b690e60556c47,
        type: 3}
      propertyPath: m_Name
      value: banderola_01 (1)
      objectReference: {fileID: 0}
    - target: {fileID: 5865294703149180337, guid: 260b23f6222734b46b4b690e60556c47,
        type: 3}
      propertyPath: m_LocalPosition.x
      value: -2
      objectReference: {fileID: 0}
    - target: {fileID: 5865294703149180337, guid: 260b23f6222734b46b4b690e60556c47,
        type: 3}
      propertyPath: m_LocalPosition.y
      value: 4
      objectReference: {fileID: 0}
    - target: {fileID: 5865294703149180337, guid: 260b23f6222734b46b4b690e60556c47,
        type: 3}
      propertyPath: m_LocalPosition.z
      value: 4
      objectReference: {fileID: 0}
    - target: {fileID: 5865294703149180337, guid: 260b23f6222734b46b4b690e60556c47,
        type: 3}
      propertyPath: m_LocalRotation.x
      value: -0
      objectReference: {fileID: 0}
    - target: {fileID: 5865294703149180337, guid: 260b23f6222734b46b4b690e60556c47,
        type: 3}
      propertyPath: m_LocalRotation.y
      value: -0.13052595
      objectReference: {fileID: 0}
    - target: {fileID: 5865294703149180337, guid: 260b23f6222734b46b4b690e60556c47,
        type: 3}
      propertyPath: m_LocalRotation.z
      value: -0
      objectReference: {fileID: 0}
    - target: {fileID: 5865294703149180337, guid: 260b23f6222734b46b4b690e60556c47,
        type: 3}
      propertyPath: m_LocalRotation.w
      value: 0.99144495
      objectReference: {fileID: 0}
    - target: {fileID: 5865294703149180337, guid: 260b23f6222734b46b4b690e60556c47,
        type: 3}
      propertyPath: m_RootOrder
      value: 0
      objectReference: {fileID: 0}
    - target: {fileID: 5865294703149180337, guid: 260b23f6222734b46b4b690e60556c47,
        type: 3}
      propertyPath: m_LocalEulerAnglesHint.x
      value: 0
      objectReference: {fileID: 0}
    - target: {fileID: 5865294703149180337, guid: 260b23f6222734b46b4b690e60556c47,
        type: 3}
      propertyPath: m_LocalEulerAnglesHint.y
      value: -15.000001
      objectReference: {fileID: 0}
    - target: {fileID: 5865294703149180337, guid: 260b23f6222734b46b4b690e60556c47,
        type: 3}
      propertyPath: m_LocalEulerAnglesHint.z
      value: 0
      objectReference: {fileID: 0}
    - target: {fileID: 6921057258684778395, guid: 260b23f6222734b46b4b690e60556c47,
        type: 3}
      propertyPath: m_AABB.m_Center.x
      value: 0.0008273721
      objectReference: {fileID: 0}
    - target: {fileID: 6921057258684778395, guid: 260b23f6222734b46b4b690e60556c47,
        type: 3}
      propertyPath: m_AABB.m_Center.z
      value: -0.07562804
      objectReference: {fileID: 0}
    - target: {fileID: 6921057258684778395, guid: 260b23f6222734b46b4b690e60556c47,
        type: 3}
      propertyPath: m_AABB.m_Extent.x
      value: 1.0338773
      objectReference: {fileID: 0}
    - target: {fileID: 6921057258684778395, guid: 260b23f6222734b46b4b690e60556c47,
        type: 3}
      propertyPath: m_AABB.m_Extent.y
      value: 1.1349114
      objectReference: {fileID: 0}
    - target: {fileID: 6921057258684778395, guid: 260b23f6222734b46b4b690e60556c47,
        type: 3}
      propertyPath: m_AABB.m_Extent.z
      value: 0.8319012
      objectReference: {fileID: 0}
    - target: {fileID: 6921057258684778395, guid: 260b23f6222734b46b4b690e60556c47,
        type: 3}
      propertyPath: m_AABB.m_Center.y
      value: 0.75138307
      objectReference: {fileID: 0}
    m_RemovedComponents: []
  m_SourcePrefab: {fileID: 100100000, guid: 260b23f6222734b46b4b690e60556c47, type: 3}
--- !u!4 &923948540 stripped
Transform:
  m_CorrespondingSourceObject: {fileID: 5865294703149180337, guid: 260b23f6222734b46b4b690e60556c47,
    type: 3}
  m_PrefabInstance: {fileID: 837049641}
  m_PrefabAsset: {fileID: 0}
--- !u!1 &931505307
GameObject:
  m_ObjectHideFlags: 0
  m_CorrespondingSourceObject: {fileID: 0}
  m_PrefabInstance: {fileID: 0}
  m_PrefabAsset: {fileID: 0}
  serializedVersion: 6
  m_Component:
  - component: {fileID: 931505308}
  - component: {fileID: 931505310}
  - component: {fileID: 931505309}
  m_Layer: 5
  m_Name: Bg
  m_TagString: Untagged
  m_Icon: {fileID: 0}
  m_NavMeshLayer: 0
  m_StaticEditorFlags: 0
  m_IsActive: 1
--- !u!224 &931505308
RectTransform:
  m_ObjectHideFlags: 0
  m_CorrespondingSourceObject: {fileID: 0}
  m_PrefabInstance: {fileID: 0}
  m_PrefabAsset: {fileID: 0}
  m_GameObject: {fileID: 931505307}
  m_LocalRotation: {x: 0, y: 0, z: 0, w: 1}
  m_LocalPosition: {x: 0, y: 0, z: 0}
  m_LocalScale: {x: 1, y: 1, z: 1}
  m_Children: []
  m_Father: {fileID: 2073416196}
  m_RootOrder: 0
  m_LocalEulerAnglesHint: {x: 0, y: 0, z: 0}
  m_AnchorMin: {x: 0, y: 0}
  m_AnchorMax: {x: 1, y: 1}
  m_AnchoredPosition: {x: 0, y: 0}
  m_SizeDelta: {x: 0, y: 0}
  m_Pivot: {x: 0.5, y: 0.5}
--- !u!114 &931505309
MonoBehaviour:
  m_ObjectHideFlags: 0
  m_CorrespondingSourceObject: {fileID: 0}
  m_PrefabInstance: {fileID: 0}
  m_PrefabAsset: {fileID: 0}
  m_GameObject: {fileID: 931505307}
  m_Enabled: 1
  m_EditorHideFlags: 0
  m_Script: {fileID: -765806418, guid: f70555f144d8491a825f0804e09c671c, type: 3}
  m_Name: 
  m_EditorClassIdentifier: 
  m_Material: {fileID: 0}
  m_Color: {r: 0, g: 0, b: 0, a: 0.5647059}
  m_RaycastTarget: 1
  m_OnCullStateChanged:
    m_PersistentCalls:
      m_Calls: []
    m_TypeName: UnityEngine.UI.MaskableGraphic+CullStateChangedEvent, UnityEngine.UI,
      Version=1.0.0.0, Culture=neutral, PublicKeyToken=null
  m_Sprite: {fileID: 0}
  m_Type: 0
  m_PreserveAspect: 0
  m_FillCenter: 1
  m_FillMethod: 4
  m_FillAmount: 1
  m_FillClockwise: 1
  m_FillOrigin: 0
  m_UseSpriteMesh: 0
--- !u!222 &931505310
CanvasRenderer:
  m_ObjectHideFlags: 0
  m_CorrespondingSourceObject: {fileID: 0}
  m_PrefabInstance: {fileID: 0}
  m_PrefabAsset: {fileID: 0}
  m_GameObject: {fileID: 931505307}
  m_CullTransparentMesh: 0
--- !u!4 &934755098 stripped
Transform:
  m_CorrespondingSourceObject: {fileID: -4216859302048453862, guid: a040e3576971aee45b275bba1a352c05,
    type: 3}
  m_PrefabInstance: {fileID: 347492394}
  m_PrefabAsset: {fileID: 0}
--- !u!1001 &1104049781
PrefabInstance:
  m_ObjectHideFlags: 0
  serializedVersion: 2
  m_Modification:
    m_TransformParent: {fileID: 1985573730}
    m_Modifications:
    - target: {fileID: -927199367670048503, guid: 9b9b8d873151cde4389f8b9deba5bd6a,
        type: 3}
      propertyPath: m_Name
      value: cueva_low
      objectReference: {fileID: 0}
    - target: {fileID: -4216859302048453862, guid: 9b9b8d873151cde4389f8b9deba5bd6a,
        type: 3}
      propertyPath: m_LocalPosition.x
      value: 1.2
      objectReference: {fileID: 0}
    - target: {fileID: -4216859302048453862, guid: 9b9b8d873151cde4389f8b9deba5bd6a,
        type: 3}
      propertyPath: m_LocalPosition.y
      value: 1.84
      objectReference: {fileID: 0}
    - target: {fileID: -4216859302048453862, guid: 9b9b8d873151cde4389f8b9deba5bd6a,
        type: 3}
      propertyPath: m_LocalPosition.z
      value: 5.25
      objectReference: {fileID: 0}
    - target: {fileID: -4216859302048453862, guid: 9b9b8d873151cde4389f8b9deba5bd6a,
        type: 3}
      propertyPath: m_LocalRotation.x
      value: -0.015742887
      objectReference: {fileID: 0}
    - target: {fileID: -4216859302048453862, guid: 9b9b8d873151cde4389f8b9deba5bd6a,
        type: 3}
      propertyPath: m_LocalRotation.y
      value: 0.99044615
      objectReference: {fileID: 0}
    - target: {fileID: -4216859302048453862, guid: 9b9b8d873151cde4389f8b9deba5bd6a,
        type: 3}
      propertyPath: m_LocalRotation.z
      value: 0.040026017
      objectReference: {fileID: 0}
    - target: {fileID: -4216859302048453862, guid: 9b9b8d873151cde4389f8b9deba5bd6a,
        type: 3}
      propertyPath: m_LocalRotation.w
      value: -0.13102137
      objectReference: {fileID: 0}
    - target: {fileID: -4216859302048453862, guid: 9b9b8d873151cde4389f8b9deba5bd6a,
        type: 3}
      propertyPath: m_RootOrder
      value: 2
      objectReference: {fileID: 0}
    - target: {fileID: -4216859302048453862, guid: 9b9b8d873151cde4389f8b9deba5bd6a,
        type: 3}
      propertyPath: m_LocalEulerAnglesHint.x
      value: -4.3110003
      objectReference: {fileID: 0}
    - target: {fileID: -4216859302048453862, guid: 9b9b8d873151cde4389f8b9deba5bd6a,
        type: 3}
      propertyPath: m_LocalEulerAnglesHint.y
      value: 195.161
      objectReference: {fileID: 0}
    - target: {fileID: -4216859302048453862, guid: 9b9b8d873151cde4389f8b9deba5bd6a,
        type: 3}
      propertyPath: m_LocalEulerAnglesHint.z
      value: -2.3950002
      objectReference: {fileID: 0}
    - target: {fileID: -4216859302048453862, guid: 9b9b8d873151cde4389f8b9deba5bd6a,
        type: 3}
      propertyPath: m_LocalScale.x
      value: -1
      objectReference: {fileID: 0}
    - target: {fileID: -1504981713932161579, guid: 9b9b8d873151cde4389f8b9deba5bd6a,
        type: 3}
      propertyPath: m_Materials.Array.data[0]
      value: 
      objectReference: {fileID: 2100000, guid: ffc53c47572443f4ea64330ee9c0eea6, type: 2}
    m_RemovedComponents: []
  m_SourcePrefab: {fileID: 100100000, guid: 9b9b8d873151cde4389f8b9deba5bd6a, type: 3}
--- !u!1 &1111023636
GameObject:
  m_ObjectHideFlags: 0
  m_CorrespondingSourceObject: {fileID: 0}
  m_PrefabInstance: {fileID: 0}
  m_PrefabAsset: {fileID: 0}
  serializedVersion: 6
  m_Component:
  - component: {fileID: 1111023642}
  - component: {fileID: 1111023641}
  - component: {fileID: 1111023640}
  - component: {fileID: 1111023639}
  - component: {fileID: 1111023637}
  - component: {fileID: 1111023638}
  m_Layer: 0
  m_Name: Main Camera
  m_TagString: MainCamera
  m_Icon: {fileID: 0}
  m_NavMeshLayer: 0
  m_StaticEditorFlags: 0
  m_IsActive: 1
--- !u!114 &1111023637
MonoBehaviour:
  m_ObjectHideFlags: 0
  m_CorrespondingSourceObject: {fileID: 0}
  m_PrefabInstance: {fileID: 0}
  m_PrefabAsset: {fileID: 0}
  m_GameObject: {fileID: 1111023636}
  m_Enabled: 1
  m_EditorHideFlags: 0
  m_Script: {fileID: 11500000, guid: a79441f348de89743a2939f4d699eac1, type: 3}
  m_Name: 
  m_EditorClassIdentifier: 
  m_RenderShadows: 1
  m_RequiresDepthTextureOption: 2
  m_RequiresOpaqueTextureOption: 2
  m_RendererOverrideOption: 1
  m_RendererData: {fileID: 0}
  m_RequiresDepthTexture: 0
  m_RequiresColorTexture: 0
  m_Version: 2
--- !u!114 &1111023638
MonoBehaviour:
  m_ObjectHideFlags: 0
  m_CorrespondingSourceObject: {fileID: 0}
  m_PrefabInstance: {fileID: 0}
  m_PrefabAsset: {fileID: 0}
  m_GameObject: {fileID: 1111023636}
  m_Enabled: 1
  m_EditorHideFlags: 0
  m_Script: {fileID: 11500000, guid: 6bdffe84652a8b142a2a18b456c0ff53, type: 3}
  m_Name: 
  m_EditorClassIdentifier: 
  player: {fileID: 1784294226373612888}
--- !u!114 &1111023639
MonoBehaviour:
  m_ObjectHideFlags: 0
  m_CorrespondingSourceObject: {fileID: 0}
  m_PrefabInstance: {fileID: 0}
  m_PrefabAsset: {fileID: 0}
  m_GameObject: {fileID: 1111023636}
  m_Enabled: 1
  m_EditorHideFlags: 0
  m_Script: {fileID: 11500000, guid: 948f4100a11a5c24981795d21301da5c, type: 3}
  m_Name: 
  m_EditorClassIdentifier: 
  volumeTrigger: {fileID: 1111023642}
  volumeLayer:
    serializedVersion: 2
    m_Bits: 256
  stopNaNPropagation: 1
  finalBlitToCameraTarget: 1
  antialiasingMode: 1
  temporalAntialiasing:
    jitterSpread: 0.75
    sharpness: 0.25
    stationaryBlending: 0.95
    motionBlending: 0.85
  subpixelMorphologicalAntialiasing:
    quality: 2
  fastApproximateAntialiasing:
    fastMode: 1
    keepAlpha: 0
  fog:
    enabled: 1
    excludeSkybox: 1
  debugLayer:
    lightMeter:
      width: 512
      height: 256
      showCurves: 1
    histogram:
      width: 512
      height: 256
      channel: 3
    waveform:
      exposure: 0.12
      height: 256
    vectorscope:
      size: 256
      exposure: 0.12
    overlaySettings:
      linearDepth: 0
      motionColorIntensity: 4
      motionGridSize: 64
      colorBlindnessType: 0
      colorBlindnessStrength: 1
  m_Resources: {fileID: 11400000, guid: d82512f9c8e5d4a4d938b575d47f88d4, type: 2}
  m_ShowToolkit: 0
  m_ShowCustomSorter: 1
  breakBeforeColorGrading: 0
  m_BeforeTransparentBundles: []
  m_BeforeStackBundles: []
  m_AfterStackBundles: []
--- !u!81 &1111023640
AudioListener:
  m_ObjectHideFlags: 0
  m_CorrespondingSourceObject: {fileID: 0}
  m_PrefabInstance: {fileID: 0}
  m_PrefabAsset: {fileID: 0}
  m_GameObject: {fileID: 1111023636}
  m_Enabled: 1
--- !u!20 &1111023641
Camera:
  m_ObjectHideFlags: 0
  m_CorrespondingSourceObject: {fileID: 0}
  m_PrefabInstance: {fileID: 0}
  m_PrefabAsset: {fileID: 0}
  m_GameObject: {fileID: 1111023636}
  m_Enabled: 1
  serializedVersion: 2
  m_ClearFlags: 1
  m_BackGroundColor: {r: 0.19215687, g: 0.3019608, b: 0.4745098, a: 0}
  m_projectionMatrixMode: 1
  m_GateFitMode: 2
  m_FOVAxisMode: 0
  m_SensorSize: {x: 70, y: 40}
  m_LensShift: {x: 0, y: 0}
  m_FocalLength: 70
  m_NormalizedViewPortRect:
    serializedVersion: 2
    x: 0
    y: 0
    width: 1
    height: 1
  near clip plane: 0.3
  far clip plane: 1000
  field of view: 31.890793
  orthographic: 1
  orthographic size: 3.3
  m_Depth: -1
  m_CullingMask:
    serializedVersion: 2
    m_Bits: 4294967295
  m_RenderingPath: -1
  m_TargetTexture: {fileID: 0}
  m_TargetDisplay: 0
  m_TargetEye: 3
  m_HDR: 1
  m_AllowMSAA: 0
  m_AllowDynamicResolution: 0
  m_ForceIntoRT: 1
  m_OcclusionCulling: 1
  m_StereoConvergence: 10
  m_StereoSeparation: 0.022
--- !u!4 &1111023642
Transform:
  m_ObjectHideFlags: 0
  m_CorrespondingSourceObject: {fileID: 0}
  m_PrefabInstance: {fileID: 0}
  m_PrefabAsset: {fileID: 0}
  m_GameObject: {fileID: 1111023636}
  m_LocalRotation: {x: 0.0626936, y: 0.28424203, z: -0.018630214, w: 0.9565192}
  m_LocalPosition: {x: -10.8, y: 6, z: -14.89}
  m_LocalScale: {x: 1, y: 1, z: 1}
  m_Children: []
  m_Father: {fileID: 0}
  m_RootOrder: 1
  m_LocalEulerAnglesHint: {x: 7.5, y: 33.1, z: 0}
--- !u!1001 &1133055386
PrefabInstance:
  m_ObjectHideFlags: 0
  serializedVersion: 2
  m_Modification:
    m_TransformParent: {fileID: 1985573730}
    m_Modifications:
    - target: {fileID: -927199367670048503, guid: a040e3576971aee45b275bba1a352c05,
        type: 3}
      propertyPath: m_Name
      value: roca_01
      objectReference: {fileID: 0}
    - target: {fileID: -4216859302048453862, guid: a040e3576971aee45b275bba1a352c05,
        type: 3}
      propertyPath: m_LocalPosition.x
      value: 0.78
      objectReference: {fileID: 0}
    - target: {fileID: -4216859302048453862, guid: a040e3576971aee45b275bba1a352c05,
        type: 3}
      propertyPath: m_LocalPosition.y
      value: 1.72
      objectReference: {fileID: 0}
    - target: {fileID: -4216859302048453862, guid: a040e3576971aee45b275bba1a352c05,
        type: 3}
      propertyPath: m_LocalPosition.z
      value: -4.6286573
      objectReference: {fileID: 0}
    - target: {fileID: -4216859302048453862, guid: a040e3576971aee45b275bba1a352c05,
        type: 3}
      propertyPath: m_LocalRotation.x
      value: -0.04285871
      objectReference: {fileID: 0}
    - target: {fileID: -4216859302048453862, guid: a040e3576971aee45b275bba1a352c05,
        type: 3}
      propertyPath: m_LocalRotation.y
      value: -0.9982977
      objectReference: {fileID: 0}
    - target: {fileID: -4216859302048453862, guid: a040e3576971aee45b275bba1a352c05,
        type: 3}
      propertyPath: m_LocalRotation.z
      value: -0.034603078
      objectReference: {fileID: 0}
    - target: {fileID: -4216859302048453862, guid: a040e3576971aee45b275bba1a352c05,
        type: 3}
      propertyPath: m_LocalRotation.w
      value: -0.019170128
      objectReference: {fileID: 0}
    - target: {fileID: -4216859302048453862, guid: a040e3576971aee45b275bba1a352c05,
        type: 3}
      propertyPath: m_RootOrder
      value: 5
      objectReference: {fileID: 0}
    - target: {fileID: -4216859302048453862, guid: a040e3576971aee45b275bba1a352c05,
        type: 3}
      propertyPath: m_LocalEulerAnglesHint.x
      value: -3.867
      objectReference: {fileID: 0}
    - target: {fileID: -4216859302048453862, guid: a040e3576971aee45b275bba1a352c05,
        type: 3}
      propertyPath: m_LocalEulerAnglesHint.y
      value: -182.36899
      objectReference: {fileID: 0}
    - target: {fileID: -4216859302048453862, guid: a040e3576971aee45b275bba1a352c05,
        type: 3}
      propertyPath: m_LocalEulerAnglesHint.z
      value: 4.997
      objectReference: {fileID: 0}
    - target: {fileID: -1504981713932161579, guid: a040e3576971aee45b275bba1a352c05,
        type: 3}
      propertyPath: m_Materials.Array.data[0]
      value: 
      objectReference: {fileID: 2100000, guid: 8b3c170dde7e0684ebe3e9b527e72cd6, type: 2}
    m_RemovedComponents: []
  m_SourcePrefab: {fileID: 100100000, guid: a040e3576971aee45b275bba1a352c05, type: 3}
--- !u!4 &1269498425 stripped
Transform:
  m_CorrespondingSourceObject: {fileID: -4216859302048453862, guid: a040e3576971aee45b275bba1a352c05,
    type: 3}
  m_PrefabInstance: {fileID: 174641233}
  m_PrefabAsset: {fileID: 0}
--- !u!4 &1341186251 stripped
Transform:
  m_CorrespondingSourceObject: {fileID: 2754949802754900870, guid: 829a4b2f24755004a8a76b51ccb53d50,
    type: 3}
  m_PrefabInstance: {fileID: 1182729344391239991}
  m_PrefabAsset: {fileID: 0}
--- !u!1 &1480679617
GameObject:
  m_ObjectHideFlags: 0
  m_CorrespondingSourceObject: {fileID: 0}
  m_PrefabInstance: {fileID: 0}
  m_PrefabAsset: {fileID: 0}
  serializedVersion: 6
  m_Component:
  - component: {fileID: 1480679618}
  - component: {fileID: 1480679620}
  - component: {fileID: 1480679619}
  m_Layer: 5
  m_Name: Press
  m_TagString: Untagged
  m_Icon: {fileID: 0}
  m_NavMeshLayer: 0
  m_StaticEditorFlags: 0
  m_IsActive: 1
--- !u!224 &1480679618
RectTransform:
  m_ObjectHideFlags: 0
  m_CorrespondingSourceObject: {fileID: 0}
  m_PrefabInstance: {fileID: 0}
  m_PrefabAsset: {fileID: 0}
  m_GameObject: {fileID: 1480679617}
  m_LocalRotation: {x: 0, y: 0, z: 0, w: 1}
  m_LocalPosition: {x: 0, y: 0, z: -2}
  m_LocalScale: {x: 0.4, y: 0.4, z: 0.4}
  m_Children: []
  m_Father: {fileID: 2073416196}
  m_RootOrder: 3
  m_LocalEulerAnglesHint: {x: 0, y: 0, z: 0}
  m_AnchorMin: {x: 0.5, y: 0.5}
  m_AnchorMax: {x: 0.5, y: 0.5}
  m_AnchoredPosition: {x: 0, y: -55}
  m_SizeDelta: {x: 466, y: 50}
  m_Pivot: {x: 0.5, y: 0.5}
--- !u!114 &1480679619
MonoBehaviour:
  m_ObjectHideFlags: 0
  m_CorrespondingSourceObject: {fileID: 0}
  m_PrefabInstance: {fileID: 0}
  m_PrefabAsset: {fileID: 0}
  m_GameObject: {fileID: 1480679617}
  m_Enabled: 1
  m_EditorHideFlags: 0
  m_Script: {fileID: -765806418, guid: f70555f144d8491a825f0804e09c671c, type: 3}
  m_Name: 
  m_EditorClassIdentifier: 
  m_Material: {fileID: 0}
  m_Color: {r: 1, g: 1, b: 1, a: 1}
  m_RaycastTarget: 1
  m_OnCullStateChanged:
    m_PersistentCalls:
      m_Calls: []
    m_TypeName: UnityEngine.UI.MaskableGraphic+CullStateChangedEvent, UnityEngine.UI,
      Version=1.0.0.0, Culture=neutral, PublicKeyToken=null
  m_Sprite: {fileID: 21300000, guid: 1a5597c54126a8a4dbd1c1a61038135b, type: 3}
  m_Type: 0
  m_PreserveAspect: 0
  m_FillCenter: 1
  m_FillMethod: 4
  m_FillAmount: 1
  m_FillClockwise: 1
  m_FillOrigin: 0
  m_UseSpriteMesh: 0
--- !u!222 &1480679620
CanvasRenderer:
  m_ObjectHideFlags: 0
  m_CorrespondingSourceObject: {fileID: 0}
  m_PrefabInstance: {fileID: 0}
  m_PrefabAsset: {fileID: 0}
  m_GameObject: {fileID: 1480679617}
  m_CullTransparentMesh: 0
--- !u!4 &1562744570 stripped
Transform:
  m_CorrespondingSourceObject: {fileID: 6496596293956275172, guid: e09972a0bc1018e4d9ab75c02dbc05f2,
    type: 3}
  m_PrefabInstance: {fileID: 495109358}
  m_PrefabAsset: {fileID: 0}
--- !u!1 &1694133090
GameObject:
  m_ObjectHideFlags: 0
  m_CorrespondingSourceObject: {fileID: 0}
  m_PrefabInstance: {fileID: 0}
  m_PrefabAsset: {fileID: 0}
  serializedVersion: 6
  m_Component:
  - component: {fileID: 1694133091}
  - component: {fileID: 1694133093}
  - component: {fileID: 1694133092}
  m_Layer: 5
  m_Name: Dust
  m_TagString: Untagged
  m_Icon: {fileID: 0}
  m_NavMeshLayer: 0
  m_StaticEditorFlags: 0
  m_IsActive: 1
--- !u!224 &1694133091
RectTransform:
  m_ObjectHideFlags: 0
  m_CorrespondingSourceObject: {fileID: 0}
  m_PrefabInstance: {fileID: 0}
  m_PrefabAsset: {fileID: 0}
  m_GameObject: {fileID: 1694133090}
  m_LocalRotation: {x: 0, y: 0, z: 0, w: 1}
  m_LocalPosition: {x: 0, y: 0, z: 0}
  m_LocalScale: {x: 1, y: 1, z: 1}
  m_Children: []
  m_Father: {fileID: 2073416196}
  m_RootOrder: 1
  m_LocalEulerAnglesHint: {x: 0, y: 0, z: 0}
  m_AnchorMin: {x: 0, y: 0}
  m_AnchorMax: {x: 1, y: 1}
  m_AnchoredPosition: {x: 0, y: 0}
  m_SizeDelta: {x: 0, y: 0}
  m_Pivot: {x: 0.5, y: 0.5}
--- !u!114 &1694133092
MonoBehaviour:
  m_ObjectHideFlags: 0
  m_CorrespondingSourceObject: {fileID: 0}
  m_PrefabInstance: {fileID: 0}
  m_PrefabAsset: {fileID: 0}
  m_GameObject: {fileID: 1694133090}
  m_Enabled: 1
  m_EditorHideFlags: 0
  m_Script: {fileID: -765806418, guid: f70555f144d8491a825f0804e09c671c, type: 3}
  m_Name: 
  m_EditorClassIdentifier: 
  m_Material: {fileID: 0}
  m_Color: {r: 1, g: 1, b: 1, a: 0.05490196}
  m_RaycastTarget: 1
  m_OnCullStateChanged:
    m_PersistentCalls:
      m_Calls: []
    m_TypeName: UnityEngine.UI.MaskableGraphic+CullStateChangedEvent, UnityEngine.UI,
      Version=1.0.0.0, Culture=neutral, PublicKeyToken=null
  m_Sprite: {fileID: 21300000, guid: 85a040ccbb95ded4cad58dc3bab51e8b, type: 3}
  m_Type: 0
  m_PreserveAspect: 0
  m_FillCenter: 1
  m_FillMethod: 4
  m_FillAmount: 1
  m_FillClockwise: 1
  m_FillOrigin: 0
  m_UseSpriteMesh: 0
--- !u!222 &1694133093
CanvasRenderer:
  m_ObjectHideFlags: 0
  m_CorrespondingSourceObject: {fileID: 0}
  m_PrefabInstance: {fileID: 0}
  m_PrefabAsset: {fileID: 0}
  m_GameObject: {fileID: 1694133090}
  m_CullTransparentMesh: 0
--- !u!1 &1715397356
GameObject:
  m_ObjectHideFlags: 0
  m_CorrespondingSourceObject: {fileID: 0}
  m_PrefabInstance: {fileID: 0}
  m_PrefabAsset: {fileID: 0}
  serializedVersion: 6
  m_Component:
  - component: {fileID: 1715397361}
  - component: {fileID: 1715397360}
  - component: {fileID: 1715397359}
  - component: {fileID: 1715397358}
  - component: {fileID: 1715397357}
  m_Layer: 0
  m_Name: Plane
  m_TagString: Untagged
  m_Icon: {fileID: 0}
  m_NavMeshLayer: 0
  m_StaticEditorFlags: 0
  m_IsActive: 1
--- !u!64 &1715397357
MeshCollider:
  m_ObjectHideFlags: 0
  m_CorrespondingSourceObject: {fileID: 0}
  m_PrefabInstance: {fileID: 0}
  m_PrefabAsset: {fileID: 0}
  m_GameObject: {fileID: 1715397356}
  m_Material: {fileID: 0}
  m_IsTrigger: 0
  m_Enabled: 1
  serializedVersion: 3
  m_Convex: 0
  m_CookingOptions: 14
  m_Mesh: {fileID: 212016083}
--- !u!114 &1715397358
MonoBehaviour:
  m_ObjectHideFlags: 0
  m_CorrespondingSourceObject: {fileID: 0}
  m_PrefabInstance: {fileID: 0}
  m_PrefabAsset: {fileID: 0}
  m_GameObject: {fileID: 1715397356}
  m_Enabled: 1
  m_EditorHideFlags: 0
  m_Script: {fileID: 11500000, guid: 8233d90336aea43098adf6dbabd606a2, type: 3}
  m_Name: 
  m_EditorClassIdentifier: 
  m_MeshFormatVersion: 0
  m_Faces: []
  m_SharedVertices: []
  m_SharedTextures: []
  m_Positions: []
  m_Textures0: []
  m_Textures2: []
  m_Textures3: []
  m_Tangents: []
  m_Colors: []
  m_UnwrapParameters:
    m_HardAngle: 88
    m_PackMargin: 20
    m_AngleError: 8
    m_AreaError: 15
  m_PreserveMeshAssetOnDestroy: 0
  assetGuid: 
  m_IsSelectable: 1
  m_SelectedFaces: 
  m_SelectedEdges: []
  m_SelectedVertices: 
--- !u!23 &1715397359
MeshRenderer:
  m_ObjectHideFlags: 0
  m_CorrespondingSourceObject: {fileID: 0}
  m_PrefabInstance: {fileID: 0}
  m_PrefabAsset: {fileID: 0}
  m_GameObject: {fileID: 1715397356}
  m_Enabled: 1
  m_CastShadows: 1
  m_ReceiveShadows: 1
  m_DynamicOccludee: 1
  m_MotionVectors: 1
  m_LightProbeUsage: 1
  m_ReflectionProbeUsage: 1
  m_RenderingLayerMask: 1
  m_RendererPriority: 0
  m_Materials:
  - {fileID: 2100000, guid: 344110131290df647ac6d8fdbd8d3a76, type: 2}
  m_StaticBatchInfo:
    firstSubMesh: 0
    subMeshCount: 0
  m_StaticBatchRoot: {fileID: 0}
  m_ProbeAnchor: {fileID: 0}
  m_LightProbeVolumeOverride: {fileID: 0}
  m_ScaleInLightmap: 1
  m_PreserveUVs: 0
  m_IgnoreNormalsForChartDetection: 0
  m_ImportantGI: 0
  m_StitchLightmapSeams: 1
  m_SelectedEditorRenderState: 2
  m_MinimumChartSize: 4
  m_AutoUVMaxDistance: 0.5
  m_AutoUVMaxAngle: 89
  m_LightmapParameters: {fileID: 0}
  m_SortingLayerID: 0
  m_SortingLayer: 0
  m_SortingOrder: 0
--- !u!33 &1715397360
MeshFilter:
  m_ObjectHideFlags: 0
  m_CorrespondingSourceObject: {fileID: 0}
  m_PrefabInstance: {fileID: 0}
  m_PrefabAsset: {fileID: 0}
  m_GameObject: {fileID: 1715397356}
  m_Mesh: {fileID: 212016083}
--- !u!4 &1715397361
Transform:
  m_ObjectHideFlags: 0
  m_CorrespondingSourceObject: {fileID: 0}
  m_PrefabInstance: {fileID: 0}
  m_PrefabAsset: {fileID: 0}
  m_GameObject: {fileID: 1715397356}
  m_LocalRotation: {x: 0, y: 0, z: 0, w: 1}
  m_LocalPosition: {x: 11, y: 3.13, z: -5}
  m_LocalScale: {x: 1, y: 1, z: 1}
  m_Children: []
  m_Father: {fileID: 0}
  m_RootOrder: 8
  m_LocalEulerAnglesHint: {x: 0, y: 0, z: 0}
--- !u!1 &1934829507
GameObject:
  m_ObjectHideFlags: 0
  m_CorrespondingSourceObject: {fileID: 0}
  m_PrefabInstance: {fileID: 0}
  m_PrefabAsset: {fileID: 0}
  serializedVersion: 6
  m_Component:
  - component: {fileID: 1934829511}
  - component: {fileID: 1934829510}
  - component: {fileID: 1934829509}
  - component: {fileID: 1934829508}
  m_Layer: 0
  m_Name: Cube
  m_TagString: Untagged
  m_Icon: {fileID: 0}
  m_NavMeshLayer: 0
  m_StaticEditorFlags: 0
  m_IsActive: 1
--- !u!65 &1934829508
BoxCollider:
  m_ObjectHideFlags: 0
  m_CorrespondingSourceObject: {fileID: 0}
  m_PrefabInstance: {fileID: 0}
  m_PrefabAsset: {fileID: 0}
  m_GameObject: {fileID: 1934829507}
  m_Material: {fileID: 0}
  m_IsTrigger: 0
  m_Enabled: 1
  serializedVersion: 2
  m_Size: {x: 1, y: 1, z: 1}
  m_Center: {x: 0, y: 0, z: 0}
--- !u!23 &1934829509
MeshRenderer:
  m_ObjectHideFlags: 0
  m_CorrespondingSourceObject: {fileID: 0}
  m_PrefabInstance: {fileID: 0}
  m_PrefabAsset: {fileID: 0}
  m_GameObject: {fileID: 1934829507}
  m_Enabled: 1
  m_CastShadows: 1
  m_ReceiveShadows: 1
  m_DynamicOccludee: 1
  m_MotionVectors: 1
  m_LightProbeUsage: 1
  m_ReflectionProbeUsage: 1
  m_RenderingLayerMask: 1
  m_RendererPriority: 0
  m_Materials:
  - {fileID: 2100000, guid: c3c3eaf092507174fb6300abafb961b6, type: 2}
  m_StaticBatchInfo:
    firstSubMesh: 0
    subMeshCount: 0
  m_StaticBatchRoot: {fileID: 0}
  m_ProbeAnchor: {fileID: 0}
  m_LightProbeVolumeOverride: {fileID: 0}
  m_ScaleInLightmap: 1
  m_PreserveUVs: 0
  m_IgnoreNormalsForChartDetection: 0
  m_ImportantGI: 0
  m_StitchLightmapSeams: 1
  m_SelectedEditorRenderState: 3
  m_MinimumChartSize: 4
  m_AutoUVMaxDistance: 0.5
  m_AutoUVMaxAngle: 89
  m_LightmapParameters: {fileID: 0}
  m_SortingLayerID: 0
  m_SortingLayer: 0
  m_SortingOrder: 0
--- !u!33 &1934829510
MeshFilter:
  m_ObjectHideFlags: 0
  m_CorrespondingSourceObject: {fileID: 0}
  m_PrefabInstance: {fileID: 0}
  m_PrefabAsset: {fileID: 0}
  m_GameObject: {fileID: 1934829507}
  m_Mesh: {fileID: 10202, guid: 0000000000000000e000000000000000, type: 0}
--- !u!4 &1934829511
Transform:
  m_ObjectHideFlags: 0
  m_CorrespondingSourceObject: {fileID: 0}
  m_PrefabInstance: {fileID: 0}
  m_PrefabAsset: {fileID: 0}
  m_GameObject: {fileID: 1934829507}
  m_LocalRotation: {x: 0, y: 0, z: 0, w: 1}
  m_LocalPosition: {x: 0, y: 0.48, z: 0}
  m_LocalScale: {x: 20, y: 1, z: 20}
  m_Children: []
  m_Father: {fileID: 0}
  m_RootOrder: 7
  m_LocalEulerAnglesHint: {x: 0, y: 0, z: 0}
--- !u!4 &1940927717 stripped
Transform:
  m_CorrespondingSourceObject: {fileID: 5865294703149180337, guid: 260b23f6222734b46b4b690e60556c47,
    type: 3}
  m_PrefabInstance: {fileID: 6921057258868779000}
  m_PrefabAsset: {fileID: 0}
--- !u!4 &1955778589 stripped
Transform:
  m_CorrespondingSourceObject: {fileID: -4216859302048453862, guid: a040e3576971aee45b275bba1a352c05,
    type: 3}
  m_PrefabInstance: {fileID: 1133055386}
  m_PrefabAsset: {fileID: 0}
--- !u!1 &1985573729
GameObject:
  m_ObjectHideFlags: 0
  m_CorrespondingSourceObject: {fileID: 0}
  m_PrefabInstance: {fileID: 0}
  m_PrefabAsset: {fileID: 0}
  serializedVersion: 6
  m_Component:
  - component: {fileID: 1985573730}
  m_Layer: 0
  m_Name: Assets
  m_TagString: Untagged
  m_Icon: {fileID: 0}
  m_NavMeshLayer: 0
  m_StaticEditorFlags: 0
  m_IsActive: 1
--- !u!4 &1985573730
Transform:
  m_ObjectHideFlags: 0
  m_CorrespondingSourceObject: {fileID: 0}
  m_PrefabInstance: {fileID: 0}
  m_PrefabAsset: {fileID: 0}
  m_GameObject: {fileID: 1985573729}
  m_LocalRotation: {x: 0, y: 0, z: 0, w: 1}
  m_LocalPosition: {x: 0, y: 0, z: 0}
  m_LocalScale: {x: 1, y: 1, z: 1}
  m_Children:
  - {fileID: 923948540}
  - {fileID: 1940927717}
  - {fileID: 647853190}
  - {fileID: 1341186251}
  - {fileID: 1562744570}
  - {fileID: 1955778589}
  - {fileID: 934755098}
  - {fileID: 1269498425}
  m_Father: {fileID: 0}
  m_RootOrder: 4
  m_LocalEulerAnglesHint: {x: 0, y: 0, z: 0}
--- !u!1 &2073416192
GameObject:
  m_ObjectHideFlags: 0
  m_CorrespondingSourceObject: {fileID: 0}
  m_PrefabInstance: {fileID: 0}
  m_PrefabAsset: {fileID: 0}
  serializedVersion: 6
  m_Component:
  - component: {fileID: 2073416196}
  - component: {fileID: 2073416195}
  - component: {fileID: 2073416194}
  - component: {fileID: 2073416193}
  m_Layer: 5
  m_Name: Canvas
  m_TagString: Untagged
  m_Icon: {fileID: 0}
  m_NavMeshLayer: 0
  m_StaticEditorFlags: 0
  m_IsActive: 1
--- !u!114 &2073416193
MonoBehaviour:
  m_ObjectHideFlags: 0
  m_CorrespondingSourceObject: {fileID: 0}
  m_PrefabInstance: {fileID: 0}
  m_PrefabAsset: {fileID: 0}
  m_GameObject: {fileID: 2073416192}
  m_Enabled: 1
  m_EditorHideFlags: 0
  m_Script: {fileID: 1301386320, guid: f70555f144d8491a825f0804e09c671c, type: 3}
  m_Name: 
  m_EditorClassIdentifier: 
  m_IgnoreReversedGraphics: 1
  m_BlockingObjects: 0
  m_BlockingMask:
    serializedVersion: 2
    m_Bits: 4294967295
--- !u!114 &2073416194
MonoBehaviour:
  m_ObjectHideFlags: 0
  m_CorrespondingSourceObject: {fileID: 0}
  m_PrefabInstance: {fileID: 0}
  m_PrefabAsset: {fileID: 0}
  m_GameObject: {fileID: 2073416192}
  m_Enabled: 1
  m_EditorHideFlags: 0
  m_Script: {fileID: 1980459831, guid: f70555f144d8491a825f0804e09c671c, type: 3}
  m_Name: 
  m_EditorClassIdentifier: 
  m_UiScaleMode: 1
  m_ReferencePixelsPerUnit: 100
  m_ScaleFactor: 1
  m_ReferenceResolution: {x: 800, y: 600}
  m_ScreenMatchMode: 0
  m_MatchWidthOrHeight: 1
  m_PhysicalUnit: 3
  m_FallbackScreenDPI: 96
  m_DefaultSpriteDPI: 96
  m_DynamicPixelsPerUnit: 1
--- !u!223 &2073416195
Canvas:
  m_ObjectHideFlags: 0
  m_CorrespondingSourceObject: {fileID: 0}
  m_PrefabInstance: {fileID: 0}
  m_PrefabAsset: {fileID: 0}
  m_GameObject: {fileID: 2073416192}
  m_Enabled: 1
  serializedVersion: 3
  m_RenderMode: 1
  m_Camera: {fileID: 1111023641}
  m_PlaneDistance: 5
  m_PixelPerfect: 0
  m_ReceivesEvents: 1
  m_OverrideSorting: 0
  m_OverridePixelPerfect: 0
  m_SortingBucketNormalizedSize: 0
  m_AdditionalShaderChannelsFlag: 0
  m_SortingLayerID: 0
  m_SortingOrder: 0
  m_TargetDisplay: 0
--- !u!224 &2073416196
RectTransform:
  m_ObjectHideFlags: 0
  m_CorrespondingSourceObject: {fileID: 0}
  m_PrefabInstance: {fileID: 0}
  m_PrefabAsset: {fileID: 0}
  m_GameObject: {fileID: 2073416192}
  m_LocalRotation: {x: 0, y: 0, z: 0, w: 1}
  m_LocalPosition: {x: 0, y: 0, z: 0}
  m_LocalScale: {x: 0, y: 0, z: 0}
  m_Children:
  - {fileID: 931505308}
  - {fileID: 1694133091}
  - {fileID: 392435506}
  - {fileID: 1480679618}
  m_Father: {fileID: 0}
  m_RootOrder: 9
  m_LocalEulerAnglesHint: {x: 0, y: 0, z: 0}
  m_AnchorMin: {x: 0, y: 0}
  m_AnchorMax: {x: 0, y: 0}
  m_AnchoredPosition: {x: 0, y: 0}
  m_SizeDelta: {x: 0, y: 0}
  m_Pivot: {x: 0, y: 0}
--- !u!1001 &2095065866
PrefabInstance:
  m_ObjectHideFlags: 0
  serializedVersion: 2
  m_Modification:
    m_TransformParent: {fileID: 0}
    m_Modifications:
    - target: {fileID: 117300, guid: 8d218001a1e147542bc5a9058259e49f, type: 3}
      propertyPath: m_Name
      value: Dust
      objectReference: {fileID: 0}
    - target: {fileID: 497438, guid: 8d218001a1e147542bc5a9058259e49f, type: 3}
      propertyPath: m_LocalPosition.x
      value: -1
      objectReference: {fileID: 0}
    - target: {fileID: 497438, guid: 8d218001a1e147542bc5a9058259e49f, type: 3}
      propertyPath: m_LocalPosition.y
      value: 2
      objectReference: {fileID: 0}
    - target: {fileID: 497438, guid: 8d218001a1e147542bc5a9058259e49f, type: 3}
      propertyPath: m_LocalPosition.z
      value: -1
      objectReference: {fileID: 0}
    - target: {fileID: 497438, guid: 8d218001a1e147542bc5a9058259e49f, type: 3}
      propertyPath: m_LocalRotation.x
      value: 0
      objectReference: {fileID: 0}
    - target: {fileID: 497438, guid: 8d218001a1e147542bc5a9058259e49f, type: 3}
      propertyPath: m_LocalRotation.y
      value: 0
      objectReference: {fileID: 0}
    - target: {fileID: 497438, guid: 8d218001a1e147542bc5a9058259e49f, type: 3}
      propertyPath: m_LocalRotation.z
      value: 0
      objectReference: {fileID: 0}
    - target: {fileID: 497438, guid: 8d218001a1e147542bc5a9058259e49f, type: 3}
      propertyPath: m_LocalRotation.w
      value: 1
      objectReference: {fileID: 0}
    - target: {fileID: 497438, guid: 8d218001a1e147542bc5a9058259e49f, type: 3}
      propertyPath: m_RootOrder
      value: 6
      objectReference: {fileID: 0}
    - target: {fileID: 497438, guid: 8d218001a1e147542bc5a9058259e49f, type: 3}
      propertyPath: m_LocalEulerAnglesHint.x
      value: 0
      objectReference: {fileID: 0}
    - target: {fileID: 497438, guid: 8d218001a1e147542bc5a9058259e49f, type: 3}
      propertyPath: m_LocalEulerAnglesHint.y
      value: 0
      objectReference: {fileID: 0}
    - target: {fileID: 497438, guid: 8d218001a1e147542bc5a9058259e49f, type: 3}
      propertyPath: m_LocalEulerAnglesHint.z
      value: 0
      objectReference: {fileID: 0}
    m_RemovedComponents: []
  m_SourcePrefab: {fileID: 100100000, guid: 8d218001a1e147542bc5a9058259e49f, type: 3}
--- !u!1 &2138677391
GameObject:
  m_ObjectHideFlags: 0
  m_CorrespondingSourceObject: {fileID: 0}
  m_PrefabInstance: {fileID: 0}
  m_PrefabAsset: {fileID: 0}
  serializedVersion: 6
  m_Component:
  - component: {fileID: 2138677393}
  - component: {fileID: 2138677392}
  m_Layer: 0
  m_Name: Directional Light
  m_TagString: Untagged
  m_Icon: {fileID: 0}
  m_NavMeshLayer: 0
  m_StaticEditorFlags: 0
  m_IsActive: 1
--- !u!108 &2138677392
Light:
  m_ObjectHideFlags: 0
  m_CorrespondingSourceObject: {fileID: 0}
  m_PrefabInstance: {fileID: 0}
  m_PrefabAsset: {fileID: 0}
  m_GameObject: {fileID: 2138677391}
  m_Enabled: 1
  serializedVersion: 9
  m_Type: 1
  m_Color: {r: 1, g: 0.95686275, b: 0.8392157, a: 1}
  m_Intensity: 2
  m_Range: 10
  m_SpotAngle: 30
  m_InnerSpotAngle: 21.802082
  m_CookieSize: 10
  m_Shadows:
    m_Type: 2
    m_Resolution: -1
    m_CustomResolution: -1
    m_Strength: 1
    m_Bias: 0.02
    m_NormalBias: 0.1
    m_NearPlane: 0.1
    m_CullingMatrixOverride:
      e00: 1
      e01: 0
      e02: 0
      e03: 0
      e10: 0
      e11: 1
      e12: 0
      e13: 0
      e20: 0
      e21: 0
      e22: 1
      e23: 0
      e30: 0
      e31: 0
      e32: 0
      e33: 1
    m_UseCullingMatrixOverride: 0
  m_Cookie: {fileID: 0}
  m_DrawHalo: 0
  m_Flare: {fileID: 0}
  m_RenderMode: 0
  m_CullingMask:
    serializedVersion: 2
    m_Bits: 4294967295
  m_RenderingLayerMask: 1
  m_Lightmapping: 4
  m_LightShadowCasterMode: 0
  m_AreaSize: {x: 1, y: 1}
  m_BounceIntensity: 1
  m_ColorTemperature: 6570
  m_UseColorTemperature: 0
  m_BoundingSphereOverride: {x: 0, y: 0, z: 0, w: 0}
  m_UseBoundingSphereOverride: 0
  m_ShadowRadius: 0
  m_ShadowAngle: 0
--- !u!4 &2138677393
Transform:
  m_ObjectHideFlags: 0
  m_CorrespondingSourceObject: {fileID: 0}
  m_PrefabInstance: {fileID: 0}
  m_PrefabAsset: {fileID: 0}
  m_GameObject: {fileID: 2138677391}
  m_LocalRotation: {x: 0.7064338, y: 0.47771442, z: 0.030843567, w: 0.5213338}
  m_LocalPosition: {x: 0.24, y: 3, z: 4.18}
  m_LocalScale: {x: 1, y: 1, z: 1}
  m_Children: []
  m_Father: {fileID: 0}
  m_RootOrder: 3
  m_LocalEulerAnglesHint: {x: 45, y: 130, z: 90}
--- !u!1001 &895602853749454092
PrefabInstance:
  m_ObjectHideFlags: 0
  serializedVersion: 2
  m_Modification:
    m_TransformParent: {fileID: 0}
    m_Modifications:
    - target: {fileID: 2082311816967691227, guid: 556701f9d9e09ef4f9a6ad17b65c2b20,
        type: 3}
      propertyPath: m_Name
      value: YBot
      objectReference: {fileID: 0}
    - target: {fileID: 2082311816967691227, guid: 556701f9d9e09ef4f9a6ad17b65c2b20,
        type: 3}
      propertyPath: m_IsActive
      value: 0
      objectReference: {fileID: 0}
    - target: {fileID: 8968102097146792311, guid: 556701f9d9e09ef4f9a6ad17b65c2b20,
        type: 3}
      propertyPath: m_LocalPosition.x
      value: 0
      objectReference: {fileID: 0}
    - target: {fileID: 8968102097146792311, guid: 556701f9d9e09ef4f9a6ad17b65c2b20,
        type: 3}
      propertyPath: m_LocalPosition.y
      value: 1
      objectReference: {fileID: 0}
    - target: {fileID: 8968102097146792311, guid: 556701f9d9e09ef4f9a6ad17b65c2b20,
        type: 3}
      propertyPath: m_LocalPosition.z
      value: 0
      objectReference: {fileID: 0}
    - target: {fileID: 8968102097146792311, guid: 556701f9d9e09ef4f9a6ad17b65c2b20,
        type: 3}
      propertyPath: m_LocalRotation.x
      value: 0
      objectReference: {fileID: 0}
    - target: {fileID: 8968102097146792311, guid: 556701f9d9e09ef4f9a6ad17b65c2b20,
        type: 3}
      propertyPath: m_LocalRotation.y
      value: 0
      objectReference: {fileID: 0}
    - target: {fileID: 8968102097146792311, guid: 556701f9d9e09ef4f9a6ad17b65c2b20,
        type: 3}
      propertyPath: m_LocalRotation.z
      value: 0
      objectReference: {fileID: 0}
    - target: {fileID: 8968102097146792311, guid: 556701f9d9e09ef4f9a6ad17b65c2b20,
        type: 3}
      propertyPath: m_LocalRotation.w
      value: 1
      objectReference: {fileID: 0}
    - target: {fileID: 8968102097146792311, guid: 556701f9d9e09ef4f9a6ad17b65c2b20,
        type: 3}
      propertyPath: m_RootOrder
      value: 0
      objectReference: {fileID: 0}
    - target: {fileID: 8968102097146792311, guid: 556701f9d9e09ef4f9a6ad17b65c2b20,
        type: 3}
      propertyPath: m_LocalEulerAnglesHint.x
      value: 0
      objectReference: {fileID: 0}
    - target: {fileID: 8968102097146792311, guid: 556701f9d9e09ef4f9a6ad17b65c2b20,
        type: 3}
      propertyPath: m_LocalEulerAnglesHint.y
      value: 0
      objectReference: {fileID: 0}
    - target: {fileID: 8968102097146792311, guid: 556701f9d9e09ef4f9a6ad17b65c2b20,
        type: 3}
      propertyPath: m_LocalEulerAnglesHint.z
      value: 0
      objectReference: {fileID: 0}
    m_RemovedComponents: []
  m_SourcePrefab: {fileID: 100100000, guid: 556701f9d9e09ef4f9a6ad17b65c2b20, type: 3}
--- !u!1001 &1182729344391239991
PrefabInstance:
  m_ObjectHideFlags: 0
  serializedVersion: 2
  m_Modification:
    m_TransformParent: {fileID: 1985573730}
    m_Modifications:
    - target: {fileID: 3799676315241153304, guid: 829a4b2f24755004a8a76b51ccb53d50,
        type: 3}
      propertyPath: m_Name
      value: lamparaSola
      objectReference: {fileID: 0}
    - target: {fileID: 2754949802754900870, guid: 829a4b2f24755004a8a76b51ccb53d50,
        type: 3}
      propertyPath: m_LocalPosition.x
      value: -2.51
      objectReference: {fileID: 0}
    - target: {fileID: 2754949802754900870, guid: 829a4b2f24755004a8a76b51ccb53d50,
        type: 3}
      propertyPath: m_LocalPosition.y
      value: 1.252
      objectReference: {fileID: 0}
    - target: {fileID: 2754949802754900870, guid: 829a4b2f24755004a8a76b51ccb53d50,
        type: 3}
      propertyPath: m_LocalPosition.z
      value: 3.53
      objectReference: {fileID: 0}
    - target: {fileID: 2754949802754900870, guid: 829a4b2f24755004a8a76b51ccb53d50,
        type: 3}
      propertyPath: m_LocalRotation.x
      value: -0
      objectReference: {fileID: 0}
    - target: {fileID: 2754949802754900870, guid: 829a4b2f24755004a8a76b51ccb53d50,
        type: 3}
      propertyPath: m_LocalRotation.y
      value: 0.7071068
      objectReference: {fileID: 0}
    - target: {fileID: 2754949802754900870, guid: 829a4b2f24755004a8a76b51ccb53d50,
        type: 3}
      propertyPath: m_LocalRotation.z
      value: -0
      objectReference: {fileID: 0}
    - target: {fileID: 2754949802754900870, guid: 829a4b2f24755004a8a76b51ccb53d50,
        type: 3}
      propertyPath: m_LocalRotation.w
      value: 0.7071068
      objectReference: {fileID: 0}
    - target: {fileID: 2754949802754900870, guid: 829a4b2f24755004a8a76b51ccb53d50,
        type: 3}
      propertyPath: m_RootOrder
      value: 3
      objectReference: {fileID: 0}
    - target: {fileID: 2754949802754900870, guid: 829a4b2f24755004a8a76b51ccb53d50,
        type: 3}
      propertyPath: m_LocalEulerAnglesHint.x
      value: 0
      objectReference: {fileID: 0}
    - target: {fileID: 2754949802754900870, guid: 829a4b2f24755004a8a76b51ccb53d50,
        type: 3}
      propertyPath: m_LocalEulerAnglesHint.y
      value: 90
      objectReference: {fileID: 0}
    - target: {fileID: 2754949802754900870, guid: 829a4b2f24755004a8a76b51ccb53d50,
        type: 3}
      propertyPath: m_LocalEulerAnglesHint.z
      value: 0
      objectReference: {fileID: 0}
    m_RemovedComponents: []
  m_SourcePrefab: {fileID: 100100000, guid: 829a4b2f24755004a8a76b51ccb53d50, type: 3}
--- !u!1 &1784294226373612888 stripped
GameObject:
  m_CorrespondingSourceObject: {fileID: 2082311816967691227, guid: 556701f9d9e09ef4f9a6ad17b65c2b20,
    type: 3}
  m_PrefabInstance: {fileID: 895602853749454092}
  m_PrefabAsset: {fileID: 0}
--- !u!1001 &6921057258868779000
PrefabInstance:
  m_ObjectHideFlags: 0
  serializedVersion: 2
  m_Modification:
    m_TransformParent: {fileID: 1985573730}
    m_Modifications:
    - target: {fileID: 4325527093697026776, guid: 260b23f6222734b46b4b690e60556c47,
        type: 3}
      propertyPath: m_Name
      value: banderola_01
      objectReference: {fileID: 0}
    - target: {fileID: 5865294703149180337, guid: 260b23f6222734b46b4b690e60556c47,
        type: 3}
      propertyPath: m_LocalPosition.x
      value: 1.46
      objectReference: {fileID: 0}
    - target: {fileID: 5865294703149180337, guid: 260b23f6222734b46b4b690e60556c47,
        type: 3}
      propertyPath: m_LocalPosition.y
      value: 4.43
      objectReference: {fileID: 0}
    - target: {fileID: 5865294703149180337, guid: 260b23f6222734b46b4b690e60556c47,
        type: 3}
      propertyPath: m_LocalPosition.z
      value: -2.99
      objectReference: {fileID: 0}
    - target: {fileID: 5865294703149180337, guid: 260b23f6222734b46b4b690e60556c47,
        type: 3}
      propertyPath: m_LocalRotation.x
      value: -0
      objectReference: {fileID: 0}
    - target: {fileID: 5865294703149180337, guid: 260b23f6222734b46b4b690e60556c47,
        type: 3}
      propertyPath: m_LocalRotation.y
      value: 0.7071068
      objectReference: {fileID: 0}
    - target: {fileID: 5865294703149180337, guid: 260b23f6222734b46b4b690e60556c47,
        type: 3}
      propertyPath: m_LocalRotation.z
      value: -0
      objectReference: {fileID: 0}
    - target: {fileID: 5865294703149180337, guid: 260b23f6222734b46b4b690e60556c47,
        type: 3}
      propertyPath: m_LocalRotation.w
      value: 0.7071068
      objectReference: {fileID: 0}
    - target: {fileID: 5865294703149180337, guid: 260b23f6222734b46b4b690e60556c47,
        type: 3}
      propertyPath: m_RootOrder
      value: 1
      objectReference: {fileID: 0}
    - target: {fileID: 5865294703149180337, guid: 260b23f6222734b46b4b690e60556c47,
        type: 3}
      propertyPath: m_LocalEulerAnglesHint.x
      value: 0
      objectReference: {fileID: 0}
    - target: {fileID: 5865294703149180337, guid: 260b23f6222734b46b4b690e60556c47,
        type: 3}
      propertyPath: m_LocalEulerAnglesHint.y
      value: 90
      objectReference: {fileID: 0}
    - target: {fileID: 5865294703149180337, guid: 260b23f6222734b46b4b690e60556c47,
        type: 3}
      propertyPath: m_LocalEulerAnglesHint.z
      value: 0
      objectReference: {fileID: 0}
    - target: {fileID: 6921057258684778395, guid: 260b23f6222734b46b4b690e60556c47,
        type: 3}
      propertyPath: m_AABB.m_Center.x
      value: 0.00082731247
      objectReference: {fileID: 0}
    - target: {fileID: 6921057258684778395, guid: 260b23f6222734b46b4b690e60556c47,
        type: 3}
      propertyPath: m_AABB.m_Center.y
      value: 0.7513833
      objectReference: {fileID: 0}
    - target: {fileID: 6921057258684778395, guid: 260b23f6222734b46b4b690e60556c47,
        type: 3}
      propertyPath: m_AABB.m_Center.z
      value: -0.07562739
      objectReference: {fileID: 0}
    - target: {fileID: 6921057258684778395, guid: 260b23f6222734b46b4b690e60556c47,
        type: 3}
      propertyPath: m_AABB.m_Extent.x
      value: 0.9400023
      objectReference: {fileID: 0}
    - target: {fileID: 6921057258684778395, guid: 260b23f6222734b46b4b690e60556c47,
        type: 3}
      propertyPath: m_AABB.m_Extent.z
      value: 0.36946237
      objectReference: {fileID: 0}
    m_RemovedComponents: []
  m_SourcePrefab: {fileID: 100100000, guid: 260b23f6222734b46b4b690e60556c47, type: 3}
